<record><leader>00000cas a22000007a 4500</leader><controlfield tag="001">14284557</controlfield><controlfield tag="008">860930d19161920iauwr ne      0    0eng d</controlfield><datafield ind1=" " ind2=" " tag="010"><subfield code="a">sn 86060224 </subfield></datafield><datafield ind1=" " ind2=" " tag="040"><subfield code="a">INP</subfield><subfield code="b">eng</subfield><subfield code="c">INP</subfield><subfield code="d">OCLCQ</subfield></datafield><datafield ind1=" " ind2=" " tag="042"><subfield code="a">msc</subfield></datafield><datafield ind1="0" ind2=" " tag="130"><subfield code="a">Independent (Macksburg, Iowa)</subfield></datafield><datafield ind1="1" ind2="4" tag="245"><subfield code="a">The independent.</subfield></datafield><datafield ind1="1" ind2="3" tag="246"><subfield code="a">Ringgold County Republican</subfield><subfield code="f">Sept. 27-Dec. 15, 1917</subfield></datafield><datafield ind1="1" ind2="7" tag="246"><subfield code="a">Macksburg independent</subfield><subfield code="f">&lt;Aug. 3&gt;-17, 1916</subfield></datafield><datafield ind1=" " ind2=" " tag="260"><subfield code="a">Macksburg, Iowa :</subfield><subfield code="b">Saiser Pub. Co.,</subfield><subfield code="c">-1920.</subfield></datafield><datafield ind1=" " ind2=" " tag="300"><subfield code="a">v. :</subfield><subfield code="b">ill. ;</subfield><subfield code="c">55 cm.</subfield></datafield><datafield ind1=" " ind2=" " tag="310"><subfield code="a">Weekly</subfield></datafield><datafield ind1="1" ind2=" " tag="362"><subfield code="a">Began in 1916.</subfield><subfield code="z">Cf. Bibl. of Iowa newspapers.</subfield></datafield><datafield ind1="0" ind2=" " tag="362"><subfield code="a">-v. 5, no. 7 (Sept. 23, 1920).</subfield></datafield><datafield ind1=" " ind2=" " tag="500"><subfield code="a">"The only newspaper in the world that is exclusively devoted to the furtherance of Macksburg and adjacent territory interests," Apr. 15, 1917-Jan. 31, 1918.</subfield></datafield><datafield ind1=" " ind2=" " tag="500"><subfield code="a">Editor: Charles S. Saiser, &lt;Aug. 3, 1916&gt;-Sept. 23, 1920.</subfield></datafield><datafield ind1=" " ind2=" " tag="515"><subfield code="a">Issues for July 12, 1917; Nov. 21, 1918; Aug. 19, 1920 not published.</subfield></datafield><datafield ind1=" " ind2=" " tag="515"><subfield code="a">Includes occasional errors in numbering.</subfield></datafield><datafield ind1=" " ind2=" " tag="588"><subfield code="a">Description based on: Vol. 1, no. 2 (Aug. 3, 1916).</subfield></datafield><datafield ind1=" " ind2=" " tag="752"><subfield code="a">United States</subfield><subfield code="b">Iowa</subfield><subfield code="c">Madison</subfield><subfield code="d">Macksburg.</subfield></datafield><datafield ind1="0" ind2="0" tag="780"><subfield code="t">Macksburg record</subfield></datafield></record>